%% start of file `publications.bib'.
%% Copyright 2006-2012 Xavier Danaux (xdanaux at gmail.com).
%
% This work may be distributed and/or modified under the
% conditions of the LaTeX Project Public License version 1.3c,
% available at http://www.latex-project.org/lppl/.

@incollection{massich2014sift,
              keywords={medical},
              year={2014},
              isbn={978-3-319-07886-1},
              booktitle={Breast Imaging},
              volume={8539},
              series={Lecture Notes in Computer Science},
              editor={Fujita, Hiroshi and Hara, Takeshi and Muramatsu, Chisako},
              doi={10.1007/978-3-319-07887-8_94},
              title={SIFT Texture Description for Understanding Breast Ultrasound Images},
              url={http://dx.doi.org/10.1007/978-3-319-07887-8_94},
              publisher={Springer International Publishing},
              author={Massich, Joan and Meriaudeau, Fabrice and Sent\'is, Melcior and Ganau, Sergi and P\'erez, Elsa and Puig, Domenec and Mart\'i, Robert and Oliver, Arnau and Mart\'iÂ­, Joan},
              pages={681-688}
}

@article{ massich2013phd,
          keywords={medical},
          title={Deformable object segmentation in ultra-sound images},
          author={Massich, Joan},
          year={2013},
          publisher={Universitat de Girona}
}

@article{ massich2010lesion,
          keywords={medical},
          Author = {Massich, Joan and Meriaudeau, Fabrice and P{\'e}rez, Elsa and Mart{\'\i}, Robert and Oliver, Arnau and Mart{\'\i}, Joan},
          Journal = {Digital Mammography},
          Pages = {39--45},
          Publisher = {Springer},
          Title = {Lesion segmentation in breast sonography},
          Year = {2010}
}
	
@article{ massich2012seed,
          keywords={medical},
          Author = {Massich, Joan and Meriaudeau, Fabrice and Sant{\'\i}s, Melci{\'o} and Ganau, Sergi and P{\'e}rez, Elsa and Mart{\'\i}, Robert and Oliver, Arnau and Mart{\'\i}, Joan},
          Journal = {Digital Mammography},
          Pages = {308--315},
          Publisher = {Springer},
          Title = { Automatic seed placement for breast lesion segmentation on {US} images},
          Year = {2012}
}
	
@article{ massich2011seed,
          keywords={medical},
          Author = {Massich, Joan and Meriaudeau, Fabrice and P{\'e}rez, Elsa and Mart{\'\i}, Robert and Oliver, Arnau and Mart{\'\i}, Joan},
          Journal = {{MICCAI} Workshop on Breast Image Analysis},
          Pages = {55--64},
          Title = {Seed selection criteria for breast lesion segmentation in ultra-sound images},
          Year = {2011}
}



@BOOK{book1,
  author = {John Doe and Author 1},
  title = {Title},
  publisher = {Publisher},
  edition = {edition},
  year = {2005},
  keywords = { aa },
}

@BOOK{book2,
  author = {John Doe and Author 2},
  title = {Title},
  publisher = {Publisher},
  edition = {edition},
  year = {2006},
}


@ARTICLE{misc1,
  author = {John Doe},
  title = {Article Title},
  journaltitle = {Journal title},
  indextitle = {xxxx},
  date = {2006-06-20},
  volume       = {691},
  number       = {13},
  pages        = {3027-3036},
  keywords = { aa },
}

@ARTICLE{misc2,
  author = {John Doe and Author 3},
  title = {Title},
  journaltitle = {Journal title},
  indextitle = {xxxx},
  date = {2008-08-20},
  volume       = {1},
  number       = {2},
  pages        = {002-007},
  keywords = { bb },
}

@MISC{misc3,
  author = {John Doe},
  title = {Title},
  year = {2009},
}


%% end of file `publications.bib'.
